@article{anom_detec,
  author  = {Chandola, Varun and Banerjee, Arindam and Kumar, Vipin},
  year    = {2009},
  month   = {07},
  pages   = {},
  title   = {Anomaly Detection: A Survey},
  volume  = {41},
  journal = {ACM Comput. Surv.},
  doi     = {10.1145/1541880.1541882}
}

@article{Chekanov_2019,
  doi       = {10.1016/j.nima.2019.04.031},
  url       = {https://doi.org/10.1016%2Fj.nima.2019.04.031},
  year      = 2019,
  month     = {jul},
  publisher = {Elsevier {BV}
               },
  volume    = {931},
  pages     = {92--99},
  author    = {S.V. Chekanov},
  title     = {Imaging particle collision data for event classification using machine learning},
  journal   = {Nuclear Instruments and Methods in Physics Research Section A: Accelerators, Spectrometers, Detectors and Associated Equipment}
}

@article{FYSSTK,
  author = {Sakarias Frette and William Hirst and Mikkel Metzch Jensen},
  title  = {{A computational analysis of a dense feed forward neural network for regression and
            classification type problems in comparison to regression methods}},
  url    = { 
            https://github.com/Gadangadang/Fys-Stk4155/blob/main/Project%202/article/Project_2_current.pdf
            },
  year   = {2022}
}

@software{ROOT,
  author    = {Rene Brun and
               Fons Rademakers and
               Philippe Canal and
               Axel Naumann and
               Olivier Couet and
               Lorenzo Moneta and
               Vassil Vassilev and
               Sergey Linev and
               Danilo Piparo and
               Gerardo GANIS and
               Bertrand Bellenot and
               Enrico Guiraud and
               Guilherme Amadio and
               wverkerke and
               Pere Mato and
               TimurP and
               Matev≈æ Tadel and
               wlav and
               Enric Tejedor and
               Jakob Blomer and
               Andrei Gheata and
               Stephan Hageboeck and
               Stefan Roiser and
               marsupial and
               Stefan Wunsch and
               Oksana Shadura and
               Anirudha Bose and
               CristinaCristescu and
               Xavier Valls and
               Raphael Isemann},
  title     = {root-project/root: v6.18/02},
  month     = aug,
  year      = 2019,
  publisher = {Zenodo},
  version   = {v6-18-02},
  doi       = {10.5281/zenodo.3895860},
  url       = {https://doi.org/10.5281/zenodo.3895860}
}

@misc{omalley2019kerastuner,
  title        = {KerasTuner},
  author       = {O'Malley, Tom and Bursztein, Elie and Long, James and Chollet, Fran\c{c}ois and Jin, Haifeng and Invernizzi, Luca and others},
  year         = 2019,
  howpublished = {\url{https://github.com/keras-team/keras-tuner}}
}

@misc{tensorflow2015-whitepaper,
  title  = { {TensorFlow}: Large-Scale Machine Learning on Heterogeneous Systems},
  url    = {https://www.tensorflow.org/},
  note   = {Software available from tensorflow.org},
  author = {
            Mart\'{i}n~Abadi and
            Ashish~Agarwal and
            Paul~Barham and
            Eugene~Brevdo and
            Zhifeng~Chen and
            Craig~Citro and
            Greg~S.~Corrado and
            Andy~Davis and
            Jeffrey~Dean and
            Matthieu~Devin and
            Sanjay~Ghemawat and
            Ian~Goodfellow and
            Andrew~Harp and
            Geoffrey~Irving and
            Michael~Isard and
            Yangqing Jia and
            Rafal~Jozefowicz and
            Lukasz~Kaiser and
            Manjunath~Kudlur and
            Josh~Levenberg and
            Dandelion~Man\'{e} and
            Rajat~Monga and
            Sherry~Moore and
            Derek~Murray and
            Chris~Olah and
            Mike~Schuster and
            Jonathon~Shlens and
            Benoit~Steiner and
            Ilya~Sutskever and
            Kunal~Talwar and
            Paul~Tucker and
            Vincent~Vanhoucke and
            Vijay~Vasudevan and
            Fernanda~Vi\'{e}gas and
            Oriol~Vinyals and
            Pete~Warden and
            Martin~Wattenberg and
            Martin~Wicke and
            Yuan~Yu and
            Xiaoqiang~Zheng},
  year   = {2015}
}
@book{Goodfellow-et-al-2016,
  title     = {Deep Learning},
  author    = {Ian Goodfellow and Yoshua Bengio and Aaron Courville},
  publisher = {MIT Press},
  note      = {\url{http://www.deeplearningbook.org}},
  year      = {2016}
}

@article{backprop,
 author = {David Rumelhart and Geoffrey Hinton and Ronald Williams},
 title = {Learning representations by back-propagating errors},
 journal = {Nature},
 year = 1986,
 }